2146 3562
132 212 134 218 .
294 153 442 226 Dalirr'm
454 149 636 249 emphatica
803 150 876 243 'ast'

36 258 184 360 sumptae
198 263 555 364 deJudaejisfoedifragis
572 259 786 336 &incredulis
797 285 873 334 cum

39 362 181 455 plenaria
201 351 398 460 Reipublicae
416 389 527 435 eorum
541 358 749 436 subversione,
779 357 872 452 quod

40 458 185 552 proinde
199 468 334 560 Signum
356 462 388 531 in
411 462 472 532 aliis
494 460 572 532 locis
584 457 622 530 ad
636 456 698 530 hoc
704 458 873 554 secundam

39 573 166 650 tempus
188 561 328 655 applicat,
359 563 432 630 Nec
456 557 490 628 id
513 557 591 628 male
606 553 684 627 adeo
698 557 873 652 velpraeter

42 655 223 733 rationem,
248 680 321 726 cum
341 655 373 734 in
387 655 471 726 idem
485 667 607 751 tempus
620 652 700 751 sape
714 653 813 748 plures
825 653 872 722 in·

43 747 159 819 cidant
177 751 271 822 Casus
283 753 514 832 memorabiles,
545 760 578 823 δι
593 750 658 820 satis
671 750 762 820 etiam
777 746 872 844 perse

40 845 192 926 illustres,
222 845 431 942 Caeteroquih
456 849 512 920 ubi
535 869 665 943 tempora
681 849 806 938 Ecclesia
818 845 873 916 ab·

43 941 153 1013 solute
166 942 380 1041 designantur,
410 946 524 1039 absque
538 944 616 1044 965⁶*
630 943 669 1019 ad
683 942 734 1015 has
748 945 797 1014 vel
811 944 874 1014 illas
898 1023 902 1036 y

45 1039 233 1137 prophetias
263 1044 476 1140 particulares,
507 1040 728 1126 denominanda
759 1042 828 1112 sunt
853 1040 893 1122 ἢ,

48 1141 323 1217 communioribus
336 1140 519 1232 quibusdam
535 1138 730 1246 qualitatibus
744 1136 808 1208 five
822 1161 873 1208 ar·

48 1233 234 1314 ridentibus,
259 1263 331 1328 quae
346 1261 436 1310 uuam
452 1235 600 1308 Ecclefiae
616 1256 739 1306 atatem
750 1234 874 1332 praealia

49 1328 213 1427 insigniter
225 1333 388 1414 illustrant,
413 1343 446 1406 &
461 1354 602 1432 tempora
614 1331 763 1413 Ecclefiae
777 1331 815 1403 ab
828 1332 875 1402 in·

52 1428 157 1498 vicem
172 1430 334 1502 manifesto
346 1430 532 1514 discernunt,

112 1552 164 1606 11,
196 1530 366 1610 *Em'aeaatr
387 1554 452 1601 mea
473 1528 535 1611 est3
567 1529 598 1599 Si
613 1530 683 1622 quis
697 1552 761 1598 retn
776 1536 808 1596 in
816 1555 871 1627 ge·

1 1632 9 1670 ²
52 1648 124 1694 nere
145 1621 335 1706 confideret,
368 1634 400 1697 δι
422 1627 591 1722 Scripturas
610 1627 731 1696 Sancus
752 1627 829 1696 inter
843 1623 872 1694 se

1 1745 24 1798 f
51 1734 119 1795 tam
144 1721 174 1790 ir,
198 1722 373 1818 Prophericis
394 1748 488 1817 quam
513 1726 543 1793 in
568 1724 677 1822 Typicr's
691 1729 723 1794 δι
739 1719 876 1820 Mystico

58 1814 219 1912 diligenter
232 1817 384 1891 conferat:
418 1821 611 1918 probabilem
623 1819 756 1890 maxime
772 1818 871 1890 videri

57 1911 248 2009 hypothesin
272 1913 312 1987 de
327 1920 439 2012 septem
457 1915 648 1994 «AEiasibus,
680 1914 745 1986 five
759 1914 892 1985 Diebus'

56 2011 872 2208 ’8ζὶῗὲἶέῐέῗὲἰᾶἴὲἰῑζῖἰ”ἒῖὁῑὲἒὶῗέἒὲιῗὲ“ἶῑῗ“

58 2206 286 2292 cumscribenda
309 2227 381 2278 erat.
413 2212 605 2304 Argumenta
629 2207 722 2287 sunt,
754 2233 786 2278 a.
819 2210 873 2278 Ex

57 2303 110 2374 aba
132 2301 300 2401 hypothcfi
316 2307 394 2374 nulla
407 2329 500 2397 quarn
514 2329 554 2375 ex
569 2303 624 2375 hac
638 2305 698 2400 ipsa
712 2303 813 2374 videri
820 2303 873 2373 da-

21 2445 24 2454 ‚
58 2402 84 2474 ri
98 2398 190 2496 poffe
211 2403 357 2474 rationem
371 2400 674 2500 ufiasfrequenriffimi
686 2402 874 2496 numerisep·

58 2508 167 2578 ranarii
188 2497 218 2567 in
240 2498 325 2570 sacris
341 2503 551 2571 Oeconomiae
563 2499 702 2578 Veteris,
731 2496 828 2590 idque
842 2500 872 2576 in

60 2596 242 2666 notabilibus
262 2593 379 2666 casibus
399 2605 433 2669 δε
455 2595 710 2675 circumstantiis,
743 2593 783 2666 de
804 2619 874 2687 quo

62 2693 198 2788 pluribus
218 2692 249 2762 in
271 2697 415 2786 Anacrfi
424 2699 519 2791 Apoc.
549 2695 584 2778 β.
610 2697 683 2764 Nec
702 2716 743 2762 ex
766 2689 873 2788 hypo·

62 2786 136 2858 theb
151 2790 203 2858 alia
217 2786 305 2859 reddi
320 2789 405 2885 poffe
416 2792 582 2871 rationem,
596 2812 691 2883 quare
703 2788 788 2881 Festa
803 2791 872 2886 plu·

62 2909 92 2956 ra
112 2884 167 2955 sub
177 2887 377 2958 oeconomia
389 2892 505 2960 Vetere
518 2887 747 2984 circumscripta
759 2883 874 2969 fuerint

55 2981 873 3254 aaazffataangannaaga

489 3204 516 3286 4
682 3233 702 3260 ‘s
725 3198 731 3212 ,
807 3199 874 3272 lus,
