2166 3566
163 111 241 252 ³74
430 141 874 236 Treui,

189 267 303 360 rusque
332 265 432 338 futuri
462 265 658 346 irrisoribus,
698 270 756 361 qui
786 267 906 340 orbem
946 267 1048 359 jam,

188 387 253 458 qua
278 363 427 436 habitatus
448 383 532 444 erat,
564 367 765 462 repleverant.
796 370 844 437 Et
863 364 941 438 hoc
958 387 1044 438 certe

179 485 254 533 uon
279 459 324 534 est
348 460 481 532 dubium
505 463 583 554 quin
603 464 754 559 vulgarius
770 471 803 534 δι
819 466 1041 535 communius

191 557 298 640 fuerit.
328 561 408 630 Non
432 558 477 630 est
500 561 583 631 enim
608 559 784 656 probabile,
817 561 992 656 Spiritum
1007 565 1037 631 S.

190 678 246 753 per
275 655 442 753 Prophetas
470 656 651 748 loquentem
675 659 835 728 Eventum
864 675 939 728 tarn
970 682 1036 726 me-

108 763 132 780 “’
192 753 390 834 morabilem,
422 754 566 850 proxime
579 753 807 840 imminentem,
840 752 909 824 effe
925 755 1034 848 negle-

193 851 345 930 eurum,
388 859 419 922 bt
444 848 484 920 de
507 850 725 921 remotioribus
747 847 912 932 Casibus,
962 853 1034 921 iicet

190 946 386 1026 illustribus,
423 955 541 1020 tantuin
578 947 813 1018 vaticinaturum
846 945 926 1017 effe.
973 947 1033 1018 Sed

191 1061 255 1114 non
285 1043 422 1116 subfistit
452 1043 503 1113 hic
535 1044 634 1115 oratio
669 1041 770 1116 nostra
794 1043 1031 1140 improbabili.
1075 1055 1076 1078 ff

191 1144 288 1212 Certa
318 1139 539 1212 demonstratio
569 1139 615 1212 est
645 1141 710 1229 ejus
735 1139 823 1235 quod
849 1142 1030 1236 anticipavi
1074 1119 1076 1252 ff

191 1235 225 1306 iu
249 1235 316 1334 ipso
340 1239 405 1309 Dei
427 1239 562 1318 verbo,
594 1245 627 1309 δι
653 1239 800 1335 temporis
823 1236 909 1309 iliius
923 1235 1031 1310 histo·
1074 1253 1076 1310 i

191 1357 246 1406 ru.

246 1451 276 1522 ς.
307 1432 414 1502 Primo
437 1431 605 1526 utiqueid
629 1449 734 1506 exerte
758 1455 933 1504 monemur
951 1441 1026 1505 Gen.

192 1551 251 1601 v1.
269 1555 298 1625 3.
331 1525 378 1598 his
398 1527 515 1608 verbis,
545 1531 621 1624 Deo
642 1533 672 1601 iu
697 1528 822 1602 historia
839 1529 1023 1628 adscriptis:

193 1630 478 1698 SP1R1Tus·muus
497 1629 924 1724 nonsempereouuuunuu
944 1651 1023 1699 curu

112 1787 116 1796 .
195 1746 377 1805 nummu,
409 1721 738 1824 eoquodipsecarofit.
769 1728 875 1792 Locus
890 1721 966 1802 est,
1001 1722 1023 1796 st

192 1822 264 1912 quis
293 1821 389 1897 alius,
428 1819 539 1914 dignus
562 1819 845 1897 animadverfioue,
887 1819 917 1896 ὲ,
933 1821 1025 1907 cujus

63 1969 66 1976 .
188 1916 327 2012 genuino
350 1913 433 1985 seusu
454 1921 555 1986 Vetus
576 1916 692 1989 Versro
716 1918 850 1994 Gr'aeca,
884 1917 925 1986 ab
942 1920 1022 1988 Hie·
1073 1917 1076 1946 ¹

193 2033 333 2107 ronymo
370 2034 430 2081 nou
463 2011 642 2093 emendata,
682 2019 865 2108 Interpretes
899 2013 1021 2108 antiqui

151 2123 154 2130 '
194 2108 343 2205 temporis
366 2104 506 2179 abduxit.
547 2132 602 2180 uec
627 2108 794 2202 esttamen
807 2109 855 2177 ille
868 2109 1021 2180 obscurus

196 2207 247 2278 vel
267 2203 397 2288 dubius,
429 2206 655 2298 quantumlibet
676 2207 714 2276 ab
732 2206 858 2303 ingeniis
873 2203 1020 2278 doetiffi-
1074 2215 1076 2272 t

178 2368 179 2372 ,
196 2327 322 2380 morum
347 2300 536 2394 hominum,¹
570 2301 653 2374 forte
676 2301 780 2374 studio
800 2325 860 2371 non
874 2305 1018 2396 optimo,

198 2399 405 2500 depravatum
445 2396 497 2470 sed
529 2399 622 2474 c'larus
655 2405 688 2470 δι
714 2395 855 2497 simplex.
895 2405 1019 2496 Spiritus

7 2545 8 2554 κ
73 2531 75 2533 ·
113 2509 122 2565 ’.
199 2504 262 2570 Dei
280 2495 326 2570 est
348 2503 476 2596 Spiritus
496 2497 554 2590 qui'
575 2495 612 2590 est
633 2505 666 2568 δε
683 2518 827 2593 operatur
846 2503 876 2564 in
893 2497 1040 2592 Prophe··

200 2603 237 2665 tis
244 2642 255 2676 ,
284 2601 371 2665 1Pet.
392 2618 421 2665 1.
441 2619 492 2666 ru.
517 2589 605 2682 ouius
617 2594 746 2690 Spiritus
763 2591 808 2664 est
821 2613 860 2688 ps
874 2595 1012 2684 ἐλέῖχειν»

201 2715 345 2788 arguere,
375 2691 558 2772 convincere
570 2687 708 2764 homiues
722 2689 761 2762 de
771 2692 914 2786 peccatis,
941 2688 1018 2789 Jrh.

202 2787 333 2868 xv1.8,
371 2795 405 2866 ὃς
428 2811 503 2860 cum
526 2787 562 2857 iis
584 2793 641 2868 hae
663 2785 703 2859 de
717 2811 750 2858 re
763 2785 944 2883 disputare,
976 2786 1020 2858 di·
1073 2795 1076 2804 “

201 2882 336 2980 sceptere
345 2911 359 2966 ·,
375 2883 507 2986 'litigare
514 2936 531 2971 ,,
553 2884 771 2965 'emendem
809 2883 881 2982 Jes.
893 2909 930 2954 v.
949 2907 980 2955 1.
991 2908 1019 2953 z.

200 2977 281 3080 Jer›
294 3003 372 3057 xxv.
389 3006 441 3072 31·
465 2983 543 3072 Hofi
560 2977 611 3060 sv'.
632 3009 662 3058 1.
685 2979 809 3078 proprie
813 2981 958 3079 judicare
965 2979 1021 3050 ho·

196 3075 295 3180 pubis
322 3073 531 3174 conscientiam
561 3099 616 3174 per
645 3075 869 3176 Prophetarum
893 3084 930 3243 ἕ
953 3079 1023 3144 Do-

464 3191 470 3208 ‘
587 3185 590 3192 '
932 3193 1025 3244 orum

38 3251 92 3270 A
