2146 3562
263 189 605 288 Dedrinal’roplrciicaei
758 189 841 292 ''1615
957 274 962 279 ,

33 343 39 352 ·
76 299 135 389 18ss
162 312 332 388 Meditanti
346 329 449 382 autem
465 309 656 408 prophetias,
686 313 759 411 quae
774 317 842 388 Fata

10 411 171 486 'Eccleliae
194 411 286 484 Novi
305 406 444 480 Foedcris
462 406 663 491 describunt,
694 409 843 485 evolvenss

14 511 56 580 da
76 509 122 582 est
144 510 246 605 primo
267 508 340 597 loco
362 506 564 604 Apocalypfis‚
594 509 685 578 clavis
697 510 839 582 omnium

15 608 253 686 Oraculorurn,
284 626 357 698 quae
380 622 507 674 eventus
530 604 721 678 notabiliores
734 609 839 702 Regni

19 701 413 800 ChristiJesuexplicantr
438 697 525 788 cujus
538 701 628 795 Libri
640 703 689 773 vel
702 705 840 776 nullaex·

18 795 168 897 pecianda
191 797 236 870 est
251 817 331 870 certa
344 797 566 891 interpretatio,
600 799 650 870 vel
664 797 718 871 hac
731 801 839 873 tentari

18 895 115 967 debet
136 894 315 976 methodo,¹
335 911 372 964 ut
393 893 543 990 primaria
556 901 763 992 Interpreturn
779 898 841 994 hy·

18 991 161 1092 pothescs
174 993 367 1064 excutiantur
385 1035 397 1071 ,
428 997 463 1060 &
478 1014 518 1060 ex
535 991 570 1062 iis
582 993 659 1063 inter
672 995 702 1063 se
723 996 838 1080 collatis

21 1090 266 1185 comparatisque
279 1111 387 1159 verum
401 1086 555 1159 eliciatur:
580 1090 682 1161 cuirei
697 1089 839 1164 inservire
880 1144 882 1150 ·

22 1185 149 1284 poliunt
164 1187 322 1278 Anacrr'ses
336 1185 393 1255 illae
401 1185 509 1275 quasin
517 1183 598 1258 lenlu
606 1184 697 1276 hujus
703 1188 841 1286 prophe·
898 1207 904 1222 ¹

23 1286 78 1353 tiae
101 1282 271 1379 indigando
285 1279 445 1378 majoribus
460 1281 536 1352 illius
543 1282 677 1380 partibus
691 1285 840 1380 praemili.

20 1383 108 1473 Qae
134 1379 155 1450 li
180 1381 302 1476 longior
325 1376 464 1448 videatur
476 1375 536 1450 elle
549 1380 615 1450 via:
649 1385 727 1464 (nec
740 1402 839 1466 tamen

24 1478 152 1548 brevior
174 1477 264 1547 datur
285 1475 443 1572 adspiranti
465 1474 501 1545 ad
515 1475 732 1572 persedioretn
746 1482 840 1552 Divi·
904 1542 909 1562 ,

22 1577 172 1644 vinorum
186 1573 384 1644 confiliorurn
400 1573 660 1668 intelligentiame)
688 1575 840 1672 specimen

21 1671 90 1766 capi
116 1670 217 1765 potest
240 1694 279 1740 ex
304 1667 470 1746 illustribus
492 1669 672 1764 quibusdam
689 1673 840 1770 pericopit

19 1763 211 1863 propheticis
233 1764 364 1836 Codicis
378 1766 512 1856 antiqui,
541 1791 614 1858 qua
628 1767 741 1861 absque
754 1771 841 1842 omni

19 1861 214 1934 dubitatione
237 1862 277 1933 de
302 1867 417 1959 Regno
438 1862 579 1942 Christi,
611 1862 738 1958 ejusque
760 1870 840 1938 Fatis

19 1979 131 2056 agunt,
165 1967 198 2031 &
222 1983 295 2053 quae
319 1962 397 2030 inter
414 1967 548 2058 primum
564 1969 596 2032 δι
609 1965 750 2034 ultimum
763 1965 841 2036 illius

19 2066 185 2132 terminum
208 2055 419 2136 inteicedunt,
450 2057 557 2128 ordine
579 2080 728 2143 enarrant3
759 2063 839 2133 inter

20 2179 98 2246 quas
111 2153 162 2224 hic
176 2152 391 2224 commendare
405 2155 496 2223 velim
511 2155 562 2248 Pfi
577 2179 665 2226 uxvr
676 2183 688 2226 1
700 2184 727 2236 r,
739 2183 778 2227 cv
788 2185 800 2230 1
810 2184 839 2229 r.

20 2274 75 2320 cx.
106 2250 178 2346 Μ
192 2274 339 2329 x1·x11‚
357 2275 511 2321 niv-ux.
536 2252 839 2326 Zach.x111·x1V.

20 2349 169 2441 Expendi
192 2371 323 2440 quoque
336 2348 452 2418 utiliter
466 2349 581 2445 poterit
594 2350 632 2417 ab
645 2351 841 2421 exercitatio·

20 2444 107 2516 ribus
119 2450 276 2514 Canticum
288 2446 467 2524 Salomonis,
491 2470 559 2540 quo
575 2443 597 2515 fi
606 2444 703 2536 slatus
715 2451 840 2540 Ecclestae

20 2541 115 2612 Novi
129 2537 267 2612 Foederis
278 2535 479 2638 depingatur:
507 2541 839 2637 (utpersuafisurnusr)

20 2645 177 2709 variantes
196 2639 273 2708 illius
293 2637 442 2708 Eccleliae
463 2638 635 2708 conditiones
655 2637 840 2722 deformari,

25 2734 105 2804 nulla
116 2733 214 2828 specie
228 2754 365 2831 negatur.
391 2736 467 2827 quin
482 2733 547 2805 sane
561 2735 743 2807 vetustiores
751 2735 843 2828 hujus

23 2831 113 2904 Libri
127 2835 311 2927 Interpretes
326 2832 381 2923 qui
397 2855 467 2902 eum
481 2828 583 2902 debita
589 2832 769 2928 prosequuti
775 2834 842 2907 lunt

21 2926 223 3006 reverentii,
263 2925 341 2998 hanc
371 2925 560 3025 hypothefin
585 2927 691 3026 palsrnr
715 2929 816 3002 admis
827 2965 843 2984 ·

20 3043 106 3099 runt.
140 3021 240 3094 Addo
265 3021 312 3094 his
335 3023 499 3096 Parabolos
512 3026 622 3120 aliquas
635 3025 755 3100 Christi
770 3035 845 3099 Pro·

16 3123 161 3222 photices,
186 3119 847 3226 ejusqueprophetiamquamexhibetMar-

25 3218 368 3324 thaei-auu·
489 3225 562 3323 La
705 3247 766 3326 ,192
789 3226 853 3325 ,βῆς
948 3252 999 3262 ⁴
