2178 3562
193 133 272 232 ¹254'
365 83 838 210 HYaoTrno'sts

185 257 244 328 bus
258 254 365 330 reserri
380 281 454 329 cum
467 255 652 350 quibusdam
666 254 891 348 circumstantiis
903 257 1021 330 velada

185 355 377 436 mamonis,
400 379 475 448 quae
490 355 676 426 Dodornm
689 379 784 426 nemo
797 379 883 452 nunc*
893 377 1020 451 prove-

185 454 227 524 ris
253 451 365 534 habeta
401 454 468 526 imo
490 454 637 551 Papiam,
667 454 806 548 primum
820 449 886 522 sere
904 455 1018 524 ausso-

47 579 49 584 ’
186 573 269 629 rem,
295 551 326 621 in
342 549 544 622 discernendis
558 551 678 622 traditis
691 548 1015 651 nonsemperoptimo

185 645 307 737 jndicio
321 649 427 728 usum,
452 673 517 720 eam
532 672 594 720 non
610 670 796 746 magnopere
810 647 1012 720 commenda·

120 805 122 812 ,
186 765 244 817 re:
276 745 433 844 praellaret
454 744 536 817 sorte
558 744 610 817 bic
631 744 786 835 judicium
807 743 1012 840 suspendere,

85 861 88 865 ·
185 841 303 914 nisiex
325 843 442 915 disertis
464 841 720 941 praedioionibus
739 840 860 913 Christi
876 845 1011 914 Domini

185 939 268 1037 apud
289 941 472 1039 Joannem,
502 964 569 1038 cap.
591 964 693 1010 x111.
712 949 767 1035 3⁶·
802 945 835 1010 δι
850 963 929 1009 xxi.
951 940 1009 1012 18.

184 1036 310 1108 indubie
330 1037 560 1117 conficeretur,
594 1045 686 1108 Petro
709 1035 894 1108 destinatum
915 1033 1010 1110 fuisse

174 1133 352 1228 firpplicr'um
373 1145 510 1238 martyrii
521 1144 614 1206 crucis
620 1160 630 1216 ;
663 1131 753 1227 quod
766 1135 837 1204 alibi
855 1135 942 1205 illum
956 1133 1009 1206 su·

183 1228 272 1301 biisse
291 1257 385 1327 quam
411 1236 544 1311 Romae,
576 1241 608 1303 &
630 1231 760 1323 quidem
780 1231 837 1302 sub
857 1236 1006 1312 Nerone,

177 1337 244 1398 ¹non
261 1328 305 1401 est
320 1331 365 1400 ob
380 1333 472 1400 varias
487 1331 615 1400 rationes
632 1329 800 1426 probabile.
826 1332 915 1418 Quin
928 1352 1006 1399 con·

182 1423 302 1506 tendo,
333 1431 386 1497 loci
408 1429 502 1505 illius,
536 1427 567 1497 in
588 1452 655 1519 quo
676 1428 751 1496 tanti
762 1427 894 1496 nominis
908 1429 1012 1523 Apo·-

180 1521 276 1596 stolus
289 1527 382 1595 vitam
397 1543 459 1595 tarn
475 1523 599 1594 notabili
613 1543 713 1594 morte
728 1513 849 1604 clausit,
875 1524 929 1592 vix
944 1548 1008 1619 po·

179 1622 270 1694 tuisse
292 1624 389 1720 perire
409 1623 614 1699 memoriam,
646 1639 740 1712 atque
759 1619 835 1691 adeo
858 1619 1006 1692 traditio-

178 1743 247 1792 nem
271 1719 311 1792 de
331 1719 394 1790 boc
416 1719 607 1791 memorabili
627 1734 742 1789 eventu
757 1742 818 1788 non
832 1715 919 1789 facile
931 1743 1008 1790 cor-

126 1887 127 1890 ,
177 1819 292 1908 rumpi.

228 1913 329 1986 XVI
338 1919 363 1983 Ι.
389 1909 504 2012 Quid?
518 1911 619 2004 ¹quod
633 1912 774 1982 Clemens
792 1913 823 1982 in
837 1909 931 2007 Epist.
949 1910 1002 1984 sua

152 2063 154 2072 ,
177 2007 221 2076 ad
239 2010 415 2088 Corinthios,
448 2019 583 2108 martyria·
599 2016 712 2078 Petrini
725 2029 830 2080 exerte
843 2011 999 2079 memine-

176 2105 234 2185 rit,
258 2106 347 2200 quod
364 2104 388 2176 fi
403 2107 519 2198 ubique
531 2125 644 2178 notum
661 2114 694 2176 δι
710 2107 870 2202 vulgatum
884 2105 1003 2188 suerit,

176 2205 247 2296 quis
266 2207 363 2274 locum
388 2212 422 2276 δι
444 2206 566 2275 modum
578 2205 832 2304 martyriiignota
847 2202 1003 2281 suissedi·

176 2303 243 2372 catl

224 2403 320 2472 XVI
330 2403 345 2468 Ι
355 2403 382 2468 Ι.
407 2401 460 2468 De
474 2395 699 2490 circumstantiis
714 2416 813 2469 tamen
829 2397 924 2487 hujus
938 2419 1001 2473 tra·

173 2495 335 2572 di'tionissr
352 2509 485 2588 q'uaeras3
520 2498 630 2575 veluti,
664 2499 802 2569 Romam
817 2495 929 2569 venisse
941 2503 1001 2569 Pe·

135 2635 136 2638 ¹
175 2615 260 2668 trum
289 2592 338 2665 adx
354 2601 502 2663 Simonem
525 2600 591 2663 Ma
610 2593 722 2683 um'de
743 2595 928 2665 austoritate
948 2596 1001 2668 sua

173 2690 397 2780 dejiciendum,
429 2690 525 2784 idque
547 2621 668 2761 fadum
682 2685 742 2762 esse
756 2693 786 2762 in
801 2693 901 2762 Icario
915 2717 1001 2784 quo.

174 2785 244 2860 dam
259 2790 391 2860 Simonis
404 2791 508 2859 volatu
517 2814 528 2870 ;
555 2786 620 2858 save
635 2789 726 2859 etiam
741 2791 878 2887 Romam
887 2785 1004 2865 venisse

175 2885 403 2977 Annoftcundo
416 2891 499 2984 Imp.
518 2885 651 2967 Claudii3
679 2889 816 2981 primum
830 2883 920 2958 fuisse
927 2891 1004 2962 Ro-

147 2976 150 2983 ’
173 3005 234 3053 mae
259 2982 471 3086 Episcopum'3
506 2981 634 3052 tenuiss‘e
648 3006 725 3053 vero
740 2985 818 3055 illam
831 2982 1007 3082 sedemper

173 3103 264 3156 annos
282 3099 343 3170 253
377 3083 474 3148 Rome
489 3076 638 3176 scripsisse
647 3087 777 3176 priorem
789 3081 872 3154 suam
886 3083 1008 3250 Eppip-

992 3228 1012 3263 Ι
