2178 3562
188 137 265 218 '266
395 128 860 212 HYPOTYPOSIS

240 251 404 325 XXXV.
435 250 528 340 Qid
549 269 651 325 tamen
672 252 827 332 iliud‘est,
859 249 951 346 quod
967 251 1028 326 ubi

191 374 266 424 cum
281 368 423 448 tempore
436 346 586 422 Ecclesrae
602 351 633 421 ir
650 352 758 422 melius
772 349 943 424 instauratae
959 349 1025 422 dis·

191 449 292 548 putari
305 449 450 544 coeptum
465 445 511 519 est
525 445 566 518 de
580 473 656 518 vera
663 451 770 542 forma
784 455 946 549 Regimt'teis
960 455 1023 518 Ec·

189 549 289 640 clefiae,
302 542 440 618 ‚Eruditi
453 567 515 615 non
530 562 650 618 tautum
663 544 838 620 Pontificiae
852 543 946 618 seue
959 546 1021 620 Vi·

192 646 238 723 ti,
268 641 320 714 sed
340 649 373 715 dt
396 644 520 734 Ecclesia
540 647 728 743 Anglirana,
762 666 838 716 cum
852 666 915 736 qua
929 643 1023 713 nobis

192 741 378 813 communio
391 737 551 810 intercedit
566 740 596 810 in
612 738 762 821 Christo,
773 741 1020 838 quopntrocina·

192 859 299 912 rentur
305 841 410 934 forma
424 838 599 933 Regiminis
619 837 770 910 Ecclesrae
793 835 875 935 apud
890 837 920 907 se
934 861 1020 908 rece·

191 959 273 1034 ptae,
304 953 384 1004 tanta
403 936 600 1006 contentione
619 933 830 1014 defenderint,
851 933 1019 1032 Episcopale

191 1029 342 1104 Ecclesrae
365 1039 539 1132 Regimen,
555 1051 703 1125 quatenus
726 1030 801 1104 illud
820 1033 1018 1129 Presbyteralt'

191 1127 481 1201 contradistinttum
495 1128 575 1200 duos
588 1129 734 1228 supponit
740 1132 898 1204 neutrum
905 1129 1016 1200 Eccle·

122 1227 127 1236 ’
151 1255 154 1263 ·
192 1224 245 1297 stae
263 1226 401 1306 Ordines,
427 1231 630 1322 Episcoperum
651 1225 957 1330 &Presbyterum
982 1233 1015 1296 δι

112 1321 113 1326 ’
140 1344 145 1354 '
191 1323 320 1414 quidem
335 1323 418 1395 hunc
432 1324 474 1394 iili
488 1322 738 1405 subordinatum,
762 1323 1016 1394 nonttntumesse

192 1419 393 1514 Ecclefiassici,
407 1419 458 1490 sed
474 1425 624 1492 &Divim'
625 1426 731 1517 juris?
757 1420 1014 1518 Agitttaestcon·

191 1509 340 1590 trov'eriia
351 1519 431 1589 inter
444 1509 540 1615 p'rrtes
562 1516 640 1592 aestu
653 1520 792 1618 ingente,
813 1513 915 1628 ¹longe
928 1518 1015 1614 supra

65 1665 67 1676 ι
128 1672 133 1679 .
192 1614 301 1690 cauffae
323 1634 517 1687 momentum
540 1621 574 1686 dc
596 1635 760 1694 mentum,
792 1635 899 1694 exrtu,
931 1614 1015 1706 quali

190 1717 223 1794 in
242 1714 436 1793 multiscius,
468 1733 504 1785 ut
519 1713 650 1808 partium
665 1734 771 1786 neutra
784 1713 868 1782 alteri
882 1709 1012 1784 cederit.

191 1817 289 1881 Certe
320 1829 459 1906 poterant
492 1810 670 1906 Anglicanae
694 1807 842 1882 Ecdefiae
871 1809 1014 1880 Praesuies

186 1912 262 2001 jure
277 1905 468 1995 Ecclefiassico
480 1908 540 1977 effe
552 1909 707 1988 contenti,
725 1911 779 2004 jus
791 1914 943 1976 Divinum
951 1929 1012 1976 nun

177 1999 280 2075 ‘facile
301 2004 454 2073 extorturi
478 2002 565 2072 Presb
583 2013 687 2084 tertis,
718 2003 886 2076 secundum
908 2008 1012 2074 Cano·

191 2121 263 2169 nem
285 2097 480 2195 Apostolicae
501 2027 681 2198 Ditdiplinae
703 2100 852 2173 formatis.
888 2099 1013 2173 Sufficit

192 2198 304 2289 utique
317 2194 476 2293 agnoscere
488 2221 545 2269 not
558 2205 591 2269 δι
606 2199 689 2284 ultro
703 2200 822 2286 largiri,
846 2196 887 2268 de
900 2203 1013 2267 Forma

193 2301 355 2395 Regimim's
372 2295 473 2364 minus
495 2293 694 2366 laborandum
714 2294 772 2368 esse
793 2294 940 2389 quamde
956 2301 1012 2364 Re·

1040 11 1080 90 'q

190 2392 333 2474 &tribum
363 2389 459 2485 quisi
479 2389 540 2462 sint
554 2391 730 2474 Viriboni,
752 2392 889 2472 honesti,
913 2389 1012 2467 officii
1070 2461 1074 2472 ,

193 2515 361 2570 memores,
394 2496 429 2561 &
448 2490 478 2562 ir
495 2488 628 2561 confiliis
643 2497 676 2562 δι
691 2491 862 2563 actionibus
876 2490 935 2562 suis
947 2497 1010 2586 Spe·

192 2598 287 2660 ritum
310 2586 424 2670 ducem
447 2585 632 2678 sequnntur,
663 2587 680 2657 d
697 2592 803 2684 forma
828 2595 1009 2687 Regimr'nis,

117 2733 120 2740 -
189 2707 265 2773 quae
288 2709 360 2755 cum
381 2681 513 2756 sntinter
525 2685 718 2757 accidentalia
735 2689 878 2769 Ecclessae,
907 2682 1010 2758 secun·

189 2778 269 2851 dum
290 2803 455 2878 temporum
476 2789 510 2854 &
530 2784 660 2854 locorum
679 2783 911 2877 circumstantias
925 2807 1011 2855 com·

189 2878 265 2974 poni
280 2875 399 2973 potest,
431 2879 533 2951 minus
546 2876 591 2952 est
605 2881 744 2994 periculi.
774 2889 917 2982 Regimen
930 2882 1010 2955 enim
1072 2929 1073 2944 κ

8 3033 10 3042 ,
188 2977 334 3054 Ecaten,
366 2973 391 3044 sr
407 2999 472 3048 rem
488 2978 573 3048 reste
588 2979 731 3075 accipias,
762 3003 835 3052 vere
848 2977 893 3051 est
909 2985 1010 3050 Mr'nr'·

150 3128 155 3136 -
181 3068 321 3244 ‘sittim
342 3071 537 3174 Quoiam
549 3071 627 3148 illud
638 3072 739 3157 addo,
770 3079 882 3151 nullam
891 3075 1012 3247 unffi
