2146 3562
224 167 298 263 '172‘
460 162 498 236 T
544 163 581 234 Y
628 169 655 235 P
706 165 746 234 U
792 159 816 234 S

226 274 391 356 sonatum,
421 297 456 344 tc
477 294 613 346 naturam
627 297 729 346 rerum
744 272 786 344 de
800 278 927 367 quibus
940 281 1021 350 Dim

227 372 354 448 consilia
373 371 550 470 explicanda
569 390 661 442 etant.
692 375 778 460 Qut
799 399 880 446 eum
905 377 937 446 in
949 397 1027 472 geret

227 493 419 574 ptaemonere
431 467 533 540 visum
547 466 586 539 fit
596 470 639 540 de
651 471 797 563 qualitate
807 477 1029 545 Sermonisl'to
1048 495 1049 516 .

227 569 371 670 phetici:
403 589 465 638 non
488 587 590 638 tamen
613 564 666 636 hic
688 563 834 638 subsisto.
867 574 952 642 Sunt
973 572 1028 641 uim

227 666 350 740 mihiitt
366 682 532 764 promptu,
555 665 671 756 quibus
680 665 774 758 pigris
784 665 980 748 lectoribus,
997 682 1032 737 tu
1049 719 1050 734 .

228 763 396 842 fastidioso
408 763 654 834 contemtotibus
665 759 760 834 studii
774 763 981 861 Prophetici,
1004 789 1033 835 te

228 865 461 936 &nocentiam

283 981 313 1052 5.
337 951 381 1030 Et
393 956 523 1051 quidem
533 964 647 1054 primo,
668 954 749 1047 jacio
761 979 825 1054 ego
840 963 875 1028 δι
892 959 1036 1056 suppono,

90 1101 94 1108 ·
227 1065 401 1129 Sermonem
424 1055 652 1152 Propheu'cutn,
693 1055 912 1148 qualicunque
932 1055 1038 1127 tandm

226 1155 314 1254 stylo
336 1162 369 1224 δι
393 1151 492 1249 phrasi
511 1150 652 1229 editum,
685 1152 858 1223 orationem
880 1157 1041 1250 complesti

226 1251 461 1350 intelligibilem.
491 1247 737 1346 intelligibilem,
765 1249 919 1340 inquam,
953 1251 1042 1323 homi·

227 1350 335 1427 nibus,
367 1345 518 1420 becellaria
529 1343 670 1429 facultate
682 1344 849 1418 instructis.
879 1351 960 1438 Qui
974 1352 1042 1421 enin

226 1445 303 1522 illud
317 1445 460 1516 Verbum
473 1442 575 1514 edidit
587 1438 735 1539 Spiritus,
766 1442 984 1540 propositum
1000 1445 1044 1517 fibi

226 1542 352 1624 habuit,
383 1559 505 1613 certum
523 1563 557 1610 ac
577 1538 744 1612 definitum
764 1539 861 1632 quid,
898 1565 970 1614 non
994 1543 1045 1615 lant

226 1665 343 1738 vagum
354 1658 406 1710 aut
419 1641 588 1719 incertum,
612 1639 750 1710 oratione
761 1638 929 1732 explicare.
955 1644 1046 1734 expli·

228 1763 295 1810 care
314 1755 416 1809 tutem
436 1737 468 1807 in
490 1735 559 1805 ulus
577 1734 760 1814 hominum,
789 1735 977 1827 quiveram
995 1738 1047 1809 Dei

226 1837 399 1908 Ecclefiam
413 1830 555 1904 efficiunt
570 1833 600 1902 in
614 1831 697 1902 hisce
708 1833 806 1902 tetris.
839 1833 931 1903 Utus
948 1837 1048 1928 itaque

217 1932 272 2004 *est
306 1939 410 2014 (cette
431 1932 479 2000 uti
499 1929 629 2006 debuit,
661 1927 718 1999 nist
740 1928 909 2000 absurdum
934 1931 1048 2029 fingere

229 2029 348 2118 velim)
374 2028 507 2097 vocibus
520 2023 740 2120 phrtfibusque
751 2023 788 2094 ad
803 2025 878 2096 illud
891 2033 1048 2123 explican-

227 2127 306 2200 dum
326 2123 454 2196 idoneis.
483 2122 684 2214 Consequens
704 2121 765 2201 est,
796 2121 977 2196 sermonem
999 2126 1050 2197 elle

160 2235 163 2238 ’
228 2222 459 2320 intelligibilem.
491 2219 582 2308 Qud
603 2217 626 2289 fi
648 2239 792 2316 preterea
813 2217 896 2290 ideni
917 2225 1051 2318 Spiritus

233 2349 289 2395 nos
309 2319 346 2391 ad
368 2317 444 2390 illud
463 2317 606 2393 Verbum
617 2315 800 2416 legendum,
830 2318 1050 2399 scrutandum,

187 2434 195 2448 ·
231 2414 470 2496 meditandum,
501 2413 704 2493 exhortetur,
735 2431 771 2484 ut
791 2415 822 2483 in
842 2413 1052 2509 superioribus

233 2517 339 2590 evici?
362 2513 650 2612 Jer.xxx1v.16.
673 2508 960 2602 Quidsimoneat,
989 2517 1052 2612 glo

233 2617 309 2688 riam
324 2609 396 2682 dere
409 2613 501 2691 Deo,
525 2615 558 2680 δι
572 2607 633 2680 luae
645 2608 765 2706 operari
772 2609 867 2700 saluti
877 2631 915 2678 tc
926 2615 1052 2704 confile-

235 2720 323 2789 tiom‘‚
347 2709 404 2804 qui
416 2708 449 2780 id
462 2705 575 2805 agunt}
600 2709 695 2804 Apoc.
715 2729 744 2776 1.
762 2731 792 2801 3.
806 2731 838 2776 v.
853 2729 890 2794 9.
907 2707 943 2777 Si
958 2707 1052 2806 igitut

236 2810 311 2880 velo
332 2805 385 2877 hic
405 2804 623 2880 &involucro
642 2803 927 2901 operiatutverum
951 2804 1051 2903 magni

189 2989 191 2993 ,
238 2903 410 2978 momenti:
442 2897 666 2972 tolletutillud.
695 2900 762 2970 tolli
777 2898 890 2995 potest.
915 2903 1052 2973 Evolve

240 3021 293 3071 tur
312 2998 404 3088 quod
421 2997 599 3068 involutum
619 2996 680 3081 est.
711 2997 816 3067 evolvi
839 2995 955 3094 potest.
989 3003 1053 3070 Ex·

238 3097 370 3196 plitetut
389 3093 467 3194 liber
486 3099 523 3188 dt
542 3091 733 3193 inspiciatur,
761 3091 823 3186 jam
836 3091 1053 3191 telignatusab

951 3193 1053 3292 Agno.
