2200 3552
274 129 615 232 nonnanoptent
763 137 857 236 εἷς

13 241 143 345 ligno}
168 243 571 343 Aperiaturquodclaulum
579 243 635 318 est.
656 238 740 315 adest
750 243 855 316 clavis.
985 320 993 333 s
1080 259 1083 268 ⁴

16 345 60 417 Si
76 367 145 416 non
160 341 321 424 faciamus,
346 342 424 416 stne
435 341 534 439 fatere
547 340 678 437 quidem
687 358 856 418 tentemus,

20 438 54 513 st
71 441 179 538 pigeat
193 464 314 538 operae:
339 466 375 512 an
389 439 501 513 nostrae
516 441 635 538 culpam
651 437 785 545 pigritiae
797 437 858 506 irn-

54 539 218 630 utabimus
237 537 384 635 Spirituii
419 539 523 632 Atqui
536 533 662 609 tentalle
675 531 755 628 quid
769 550 858 624 Juvat

24 561 151 705 Kumili
173 636 297 715 animo,
330 659 403 708 tum
424 636 605 707 exercitatio
622 633 701 705 nulla
721 629 859 702 nobilior

31 729 96 810 fit,
131 739 166 803 &
186 748 355 822 nunquam
367 752 503 804 tentetur
524 731 639 825 absque
657 728 778 822 aliquali
792 723 866 824 frog

9 829 119 906 Astu,
151 826 495 900 etiamsrforteadrlw'
515 821 863 920 nnnptpoeiwtiyttt'q
991 889 992 894 ,
1083 799 1084 802 ¹

36 950 116 1001 onor
130 926 161 996 in
175 927 262 996 omni
277 926 344 998 casu
357 949 419 998 non
435 925 660 1023 pertingamusi

89 1032 127 1110 ¹6.
157 1023 305 1102 Secundo,
337 1047 463 1095 monere
487 1026 580 1095 velim
601 1032 637 1096 &¹
647 1021 767 1098 debeo,
799 1041 863 1090 non

37 1143 152 1190 omnes
163 1118 352 1216 prophetias,
377 1145 450 1215 quae
464 1114 862 1214 {fotaminefircroclaudun-

38 1235 113 1295 tur,
146 1213 207 1287 else
221 1218 308 1288 unius
323 1219 451 1313 generis.
475 1219 605 1311 Aliquae
618 1223 738 1293 earum,
763 1221 795 1285 δι
812 1215 866 1282 be·

38 1337 80 1384 ne
95 1314 221 1393 multae,
245 1337 318 1405 quae
334 1316 509 1396 communia
522 1313 667 1408 quedam
679 1311 739 1384 fata
753 1311 866 1381 Eccle-

9 1408 100 1480 l·stae
124 1412 303 1507 explicant,
334 1435 407 1502 quae
431 1414 518 1484 Deus
542 1407 815 1483 abomnibussctri
831 1414 865 1477 &

9 1511 12 1558 ¹
40 1505 172 1603 intelligi
195 1509 297 1578 voluit
320 1508 357 1578 ad
381 1528 493 1584 certam
517 1508 665 1582 Ecclesrae
687 1505 868 1581 consolatio·

9 1609 12 1658 ¹
44 1627 150 1682 nem,
189 1623 256 1674 ante
279 1606 512 1700 implementum
535 1609 625 1677 etiarn
650 1604 809 1702 perspicue
833 1608 868 1671 &

9 1716 13 1752 1²
46 1701 128 1769 clare
152 1697 274 1788 traditae
298 1700 376 1773 sunt.
407 1704 507 1782 Aliae,
539 1723 607 1776 ante
631 1703 867 1800 implementum

10 1805 13 1892 l
45 1794 256 1876 obscuriores,
281 1816 317 1868 ut
332 1797 770 1890 anigmataeffeviderentur,
794 1792 867 1890 post

10 1901 13 1950 ¹
48 1894 283 1988 implementum
299 1893 469 1972 tlariffimae
483 1900 650 1974 evalerunt,
682 1893 796 1971 prioris
812 1914 867 1986 ge·

11 1979 14 2048 ἰ
48 1991 127 2060 neris
139 1992 316 2087 exemplum
332 2017 404 2089 cape
419 2017 459 2062 ex
474 1989 611 2089 plurimis
625 2014 788 2091 pertotum
796 1993 867 2060 Co·

11 2085 14 2144 Ι
48 2087 153 2157 dicem
168 2086 390 2185 Propheticum
405 2089 552 2188 sparfisex
560 2098 637 2162 Gen.
644 2115 701 2164 xv.
715 2117 768 2190 13.
791 2085 868 2184 Jer.

12 2199 14 2242 l
48 2207 149 2255 xxix.
163 2209 214 2254 ro.
241 2184 420 2257 Posterioris
434 2211 473 2264 ex
488 2195 562 2261 Gen.
577 2211 719 2282 111.15.

12 2295 15 2338 ι
100 2305 133 2374 7.
164 2283 263 2352 Tertio
277 2282 425 2364 observo,
450 2284 625 2382 prophetias
638 2310 769 2380 quoque
785 2291 865 2375 illas,

13 2367 15 2436 l
50 2400 124 2468 quae
136 2377 329 2450 obscuriores
339 2378 486 2453 videntur
499 2390 533 2454 δι
547 2379 739 2458 difficiliores
751 2389 866 2476 intelle·

13 2487 15 2532 l
51 2475 123 2552 stu,
149 2471 172 2546 fi
185 2473 510 2559 accedatexercitatio‚
533 2478 682 2576 spirituale
692 2482 864 2572 judicium,

14 2609 15 2654 3
50 2571 156 2643 notitia
175 2574 314 2646 exailior
335 2572 548 2656 historiarum,
579 2579 725 2660 auleone
741 2586 768 2652 ’θ
787 2608 867 2678 ygn-

14 2699 15 2720 ι
51 2671 135 2750 orii,
157 2667 293 2740 modesta
306 2670 482 2766 imploratio
495 2674 599 2745 auxilii
615 2677 782 2773 SpiritusS.
805 2684 865 2754 cla·

50 2788 93 2836 ras
107 2762 170 2835 fieri
185 2764 416 2848 meditantibus,
447 2767 546 2842 finon
557 2795 679 2855 omnes,
710 2777 866 2874 plerasque
886 2773 889 2783 ’

49 2861 164 2942 saltem;
196 2881 232 2932 ut
256 2862 395 2942 tandem,
427 2866 538 2957 quiin
563 2870 694 2943 tenebris
708 2872 864 2947 versaban-

33 3017 35 3020 .
50 2977 118 3038 tur,
132 2957 410 3040 sentiant,seeffein
422 2966 486 3034 luce
498 2964 683 3063 Jehovae,&
695 2969 864 3044 illustrarii

41 3056 148 3154 septem
165 3057 222 3129 illis
242 3055 451 3158 lampadibus,
468 3089 541 3161 ¹qna
550 3063 627 3158 sunt
640 3086 709 3139 ante
721 3067 865 3142 thronum

17 3227 18 3234 ,
111 3185 114 3192 ’
809 3171 871 3238 Dei
