2192 3566
173 97 284 226 ure
355 118 821 197 HYuorrrosrs

175 239 341 336 guiumar,
373 229 432 305 fibi
454 231 702 315 succedentium,
733 231 859 316 seriem}
881 234 1001 330 quibu}

177 360 252 428 quae
273 329 480 405 memorabilia
499 330 531 401 in
546 332 756 425 qualicunque
770 357 873 404 rerum
887 357 1002 430 genere

177 429 376 511 acciderunt,
410 425 557 499 distinete
575 425 789 511 edifferantur3
823 427 1001 520 cujusmodi

38 587 42 595 .
179 531 358 629 exemplum
372 525 518 598 habemus
531 525 562 596 io
576 525 747 596 Annalibus
760 532 881 596 Baronii
896 534 930 599 δι
940 535 1002 596 Su·
1088 543 1089 548 ’

180 635 272 709 eurii;
297 628 363 705 vel,
388 641 424 695 ut
432 641 544 713 rtotum
559 620 621 694 hoc
634 641 758 720 tempus
770 621 957 718 dispescitur
970 625 1003 696 in

179 723 301 814 majora.
316 719 458 818 quaedam
480 720 615 818 plurium
639 723 805 792 Annorum
819 721 1001 801 Intervalla,

179 819 218 892 ad
238 845 312 915 quae
332 843 378 890 res
398 819 428 888 in
450 815 588 889 Ecclesia
606 815 703 914 gestae
717 815 901 898 referentum
936 817 1002 889 five

180 919 240 989 illa.
255 919 315 1008 jam
341 914 501 987 Intervalla
519 913 807 986 circumscribantur
836 921 1004 985 Annorum

183 1021 352 1100 centuriis,
384 1034 458 1103 quae
473 1014 583 1081 Secula
596 1009 757 1090 dicuntur,
784 1009 849 1082 five
864 1012 1002 1101 Maiori-

182 1112 240 1206 bus
255 1129 307 1182 aut
321 1108 503 1181 Minoribus
514 1108 613 1204 spatiis
625 1105 809 1187 indefinitis,
835 1113 1002 1206 proutEc·

181 1204 270 1279 clesra
290 1208 321 1278 in
342 1206 405 1277 hoc
429 1206 479 1276 vel
499 1205 553 1276 illo
575 1205 653 1276 statu
674 1204 796 1276 brevius
812 1223 864 1276 aut
877 1206 1000 1302 longius

181 1303 334 1404 perstitit:
366 1302 487 1401 prorsus
506 1326 577 1373 eum
598 1302 629 1374 in
641 1300 790 1382 modum,
824 1321 919 1374 utres
933 1323 1003 1374 ante

182 1399 305 1474 Christi
334 1403 496 1492 φανίρυσιν
522 1397 640 1494 gestas,
717 1417 833 1488 rcertr
854 1399 1002 1495 quaedam

184 1500 363 1577 Intervalla,
384 1494 575 1592 compendio
587 1422 776 1592 digerimus.
931 1521 935 1526 ·
1053 1507 1056 1512 '

120 1675 129 1696 .
232 1603 250 1668 Ι
258 1603 314 1668 ΙΙ.
346 1593 500 1667 Posterior
525 1589 677 1664 Historiae
705 1590 869 1665 trauandae
889 1573 1023 1666 modus'

180 1697 279 1792 'magis
293 1694 379 1783 juvat
392 1692 589 1769 memoriam,
615 1696 648 1761 δι
660 1687 779 1762 idcirco
793 1694 940 1761 convenit
948 1698 1003 1760 In-

178 1788 383 1886 stitutionibus
402 1788 517 1858 Scholae.
550 1793 586 1858 In
600 1810 668 1880 quo
681 1786 736 1858 etsr
751 1789 896 1868 omnino,
919 1786 1007 1860 sires
1048 1820 1052 1838 i
1087 1871 1088 1874 Ἴ

183 1887 269 1985 piane
281 1884 377 1957 nostri
391 1881 466 1954 ess'et
479 1883 616 1966 arbitrii,
640 1882 1005 1980 praeferremusistamre·
1084 1883 1088 2002 i

183 2008 255 2056 rum
280 1978 494 2064 tradendarum
521 1980 693 2061 rationem,
732 2004 805 2073 quae
834 1985 1006 2053 Intervalla

183 2101 347 2176 temporum
371 2077 498 2149 metitur
512 2076 681 2150 secundum
695 2081 841 2149 variantes
852 2077 1007 2152 Ecclcsrae

65 2238 73 2254 .
184 2174 277 2250 status
294 2183 327 2250 &
342 2173 549 2247 conditiones:
575 2175 656 2264 iliam
669 2193 769 2246 tamen
783 2197 865 2246 nunc
879 2175 1008 2249 metho-

184 2273 261 2348 dum
279 2271 477 2373 propofitum
490 2271 535 2345 est
549 2272 653 2366 sequi,
677 2296 751 2365 quae
763 2269 847 2368 gesta
860 2271 952 2344 refert
965 2274 1009 2347 ad

188 2375 356 2446 Annorum
385 2367 594 2457 iracundiae
618 2367 683 2441 five
699 2373 877 2450 Srucuuu,
909 2395 1010 2463 quam

189 2479 406 2542 Centuriatores
419 2465 597 2567 Magdebur
617 2467 692 2560 enses
698 2491 888 2563 magnocum
897 2465 1012 2542 frustm

186 2569 366 2663 elegerunt,
398 2567 471 2659 quia
494 2563 572 2636 nulla
591 2494 691 2636 {odie
714 2561 888 2636 familiarior
911 2563 957 2637 est
973 2575 1011 2639 &

185 2665 282 2759 magis
304 2682 433 2761 recepta.
465 2665 482 2735 i
504 2669 566 2754 qui
587 2685 681 2733 nemo
702 2659 767 2733 fere
780 2661 922 2734 recedere
936 2665 1012 2760 pos-

186 2757 227 2829 srt
240 2759 338 2926 Lenifi
353 2761 534 2862 Juventutir
549 2756 653 2832 -st‘udia
677 2757 918 2854 quodammodo
931 2785 1016 2861 cong

186 2873 240 2928 tur
279 2873 304 2926 t.

85 2972 87 2980 ¹
236 2957 307 3026 IV.
341 2952 442 3042 Quod
462 2951 488 3028 sr
508 2972 609 3028 tamen
630 2977 678 3030 res
694 2954 756 3055 ipsa
778 2955 855 3030 illud
876 2956 982 3054 exigat
1000 2956 1017 3029 i

183 3049 738 3224 gcebitsmulemiuruirroreeiique
751 3055 911 3136 Intervalla
925 3053 1017 3142 divi÷

187 3175 269 3248 vere.
415 3177 417 3182 ·
645 3197 652 3208 ·
841 3157 888 3236 V.
912 3157 1016 3246 Quo:
