2178 3562
384 131 635 226 instoriam
792 133 796 139 ’
845 136 924 213 ''261'
1000 210 1004 216 .

9 301 15 310 .
91 250 236 324 interesse
254 249 368 323 dixeris
382 238 493 349 piaeter
500 269 625 348 propter
630 249 816 348 ftptennium
821 277 832 335 3
857 273 918 324 ter·

92 358 175 419 tiam
193 368 295 421 nutem
312 348 387 420 hanc
397 352 603 446 prnscllionem
618 350 918 452 Hierosolymitanam

93 467 153 542 per
173 446 395 542 quatuordecim
414 472 503 516 annot
526 442 625 516 abelle
637 448 654 517 ὲ
668 448 764 543 prima
777 445 842 538 ejus
857 453 920 524 Vo÷

92 551 225 622 catione,
256 541 351 614 docet
364 541 427 640 ipse
439 542 475 614 ad
491 545 561 613 Gal.
578 567 629 613 11.
648 567 676 614 1.
700 567 796 637 quem
812 544 918 615 locum

92 637 136 710 ad
164 650 286 709 tertium
312 641 377 729 ejus
402 648 459 709 iter
483 639 735 737 Hierosolymam
751 641 919 737 fhsceptum

94 735 866 832 pertinere,&quatuordecimilldsannos,quorum
876 736 918 806 ibi

30 891 32 896 ,
93 835 262 912 meminit,
296 835 334 902 ab
355 831 483 928 Epncha
506 841 668 903 Vocationis
679 833 744 928 ejus
758 832 919 905 ducendos

92 928 179 1015 effe,
211 928 448 1023 liquidiffimum
470 929 596 1001 videtur
608 955 647 1000 ex
663 949 812 1002 contextu
825 931 918 1002 orati·

93 1027 181 1105 onis,
208 1035 240 1097 δι
257 1041 427 1124 comparata
441 1025 567 1098 historia
581 1031 694 1106 Lucae,
725 1032 800 1099 Att.
811 1053 867 1099 xv.
889 1053 915 1098 1.

89 1147 133 1197 2.
162 1124 256 1216 seqq.'
279 1126 330 1195 Sic
350 1122 464 1194 incidet
485 1132 578 1193 tertia
590 1123 654 1213 ejus
668 1123 840 1221 profefflo,
870 1144 917 1196 at·

51 1309 54 1312 „
93 1243 160 1311 que
180 1221 257 1290 adeo
277 1241 399 1318 tempus
422 1227 587 1291 Conventus
610 1223 871 1323 Hierofitlymt‘tam'
884 1223 917 1294 in

94 1319 141 1386 A.
165 1321 222 1390 AE.
238 1323 281 1390 V.
302 1341 363 1410 50,
395 1316 520 1389 Claudii
540 1343 592 1389 10.
623 1317 706 1390 unde
720 1318 915 1392 retroceden-

93 1412 141 1522 dn
155 1436 209 1510 per
226 1441 270 1511 14
302 1441 409 1494 annos,
441 1413 555 1486 incides
567 1417 597 1486 in
613 1413 917 1513 postremum'Tibe·

94 1535 150 1581 rm

102 1654 104 1666 ·
145 1609 311 1679 XXVIII.
343 1615 432 1678 Anni
452 1627 554 1681 autem
575 1610 715 1681 Paulinae·
729 1614 918 1708 Captivitatis

95 1701 262 1775 aestimatio
276 1703 314 1776 fit
328 1729 367 1776 ex
381 1725 540 1802 tempore,
561 1731 630 1800 quo
645 1708 731 1776 Felix
744 1706 918 1778 deProvin·

94 1810 145 1872 cia
159 1799 304 1882 deceffit,
328 1804 432 1873 nastes
444 1803 655 1900 Succellorem
670 1803 805 1896 Festum,
830 1803 917 1901 poll·

92 1921 190 1989 quam
216 1901 322 1970 Paulus
343 1901 374 1970 in
389 1901 516 1972 vinculis
528 1897 630 1972 fuisset
645 1903 793 1974 caesareoe
808 1902 919 1992 leniae

94 1995 293 2081 πληρωθείσης
306 1994 417 2067 biennio
431 2001 558 2094 expleto,
582 2001 835 2095 All.-xx1v.e7.
860 2001 917 2072 Fess

84 2089 154 2184 stus
168 2113 268 2164 autem
283 2119 343 2164 non
361 2092 485 2166 videtur
503 2092 670 2165 succelliffe
686 2099 775 2167 Felici
788 2099 817 2167 in
834 2105 917 2167 Ρη·

75 2186 212 2260 ‘sentum
230 2189 354 2289 Judaeae
376 2191 442 2261 inte
466 2195 509 2262 A.
526 2193 585 2262 AE.
597 2197 642 2265 V.
676 2206 733 2265 60.
767 2191 823 2269 etsi
837 2194 916 2264 illam

59 2336 61 2340 .
92 2285 260 2380 Epocham
276 2287 448 2367 Historici,
480 2297 514 2360 &
528 2288 593 2385 ipse
606 2313 737 2384 quoque
754 2286 916 2386 Iosephus,

0 2421 2 2436 =
91 2401 236 2454 annotare
250 2386 447 2481 neglexerint.
810 2427 813 2436 ·

147 2483 295 2578 XXIX.
326 2485 371 2552 Et
392 2481 459 2551 sunt
481 2500 582 2555 tamen
597 2485 676 2556 inter
690 2484 835 2563 nonos,
860 2483 918 2576 qui

93 2595 217 2673 tempus
239 2577 302 2650 hoc
316 2581 510 2650 Vmculorum
524 2581 613 2651 Paul·
625 2600 791 2660 maturant,
822 2603 919 2673 eaque

93 2674 212 2768 illigant
234 2677 284 2746 vel
297 2679 402 2746 ultimo
415 2677 551 2758 Claudii,
578 2677 668 2762 (Ch.
688 2692 767 2774 53.)
783 2696 819 2750 ut
833 2683 918 2776 Cap·

93 2773 207 2870 pellus,
231 2773 282 2843 vel
294 2781 425 2844 Neronis
432 2783 545 2869 primo,
571 2782 587 2858 (
595 2774 661 2848 Ch.
678 2789 759 2872 54)
773 2780 918 2848 utCave·

94 2891 151 2949 us3
186 2869 254 2938 sunt
276 2870 367 2940 etiam
388 2872 445 2963 qui
468 2871 676 2967 protendunt,
707 2892 743 2944 ut
757 2875 918 2956 Ulterius,

7 2991 14 3058 j
97 2966 191 3036 Pauli
212 2973 424 3062 Captivitatem
440 2965 570 3040 referens
582 2965 620 3040 ad
636 2973 679 3041 A.
694 2968 760 3064 Ch.
777 2981 833 3042 60.
849 2977 917 3042 Ne·
964 2965 968 2978 '
994 3039 997 3058 ⁴

19 3083 22 3090 ⁴
98 3061 181 3150 nonis
197 3070 267 3136 6&
283 3089 319 3162 7.
332 3071 366 3138 δι
379 3067 525 3164 proxime
538 3067 580 3138 illi
591 3065 920 3232 accedensspanhemlg·
944 3162 948 3169 ἢ

100 3187 103 3190 ·
471 3165 549 3262 R3
641 3167 643 3171 ’
837 3185 874 3233 us
912 3207 923 3233 .
971 3221 993 3223 .-
