2146 3562
262 156 408 234 Doii'rin'ae
420 147 606 268 prophetici]
767 157 841 258 '1⁶57'

47 309 51 318 ·
114 271 249 347 tualibus
273 280 307 345 &
330 271 487 368 diligentia
510 272 542 342 in
565 266 703 344 Muntte
725 270 782 344 suo
795 269 850 342 ad·
981 317 984 322 -

43 431 45 438 .
117 367 336 449 ministrando,
367 367 547 464 Principum
570 392 704 461 quoque
729 376 762 441 &
775 371 849 439 Du·

40 521 44 530 -
115 493 189 540 cum
214 493 294 566 puro
318 468 349 536 in
369 465 567 560 Religionem
580 462 697 537 affeetu
712 475 746 538 δι
761 488 850 536 reve·

120 565 236 646 tentia,
267 562 469 636 converfione
489 562 677 660 Judaeorutn
703 569 737 635 δε
760 561 850 635 Gen·

47 721 49 726 ,
119 663 217 741 tium,
247 669 299 740 δι,
324 658 413 752 quod
428 659 532 756 primo
546 661 618 732 loco
631 660 783 732 recensere
796 656 851 730 de·
966 687 967 690 ¹

122 760 262 832 buerant.
295 756 493 828 subverfione
513 757 599 827 Sedis
609 766 728 827 inimice
742 758 850 851 &fai-

93 897 97 906 ·
112 858 213 950 statie,
246 861 279 926 &
294 852 474 924 terribilibus
482 855 607 949 judiciis
619 856 735 950 quibus
748 851 853 926 hostes

50 1023 53 1030 ,
78 1029 85 1041 ,
116 947 267 1024 Ecclesiae
289 949 520 1047 prosternentur
540 952 557 1020 l
575 955 669 1028 Deo,
701 948 852 1021 Ecclefiae
881 956 883 959 ’

121 1047 183 1120 suoe
209 1046 343 1119 vindice.
374 1072 448 1138 quae
466 1047 584 1142 judicia
607 1069 680 1119 ue
723 1049 859 1118 ertinent

120 1144 158 1216 td
173 1145 255 1215 initia
271 1143 361 1232 hujus
375 1145 493 1216 Perirdi
498 1171 508 1225 3
536 1143 592 1216 etsi
608 1072 734 1217 subinie
747 1149 863 1216 arten-¹

122 1239 240 1313 scantur
252 1239 320 1313 fatis
334 1243 451 1312 Periodi
458 1243 568 1335 sexta,-
599 1244 672 1337 quia
686 1268 759 1314 cum
773 1244 854 1312 illius

121 1339 247 1412 Periodi
267 1340 414 1410 extremis
433 1338 556 1431 antemi
575 1339 743 1412 cohaerent.
775 1341 853 1409 Hoc

118 1447 264 1533 ‘tempore
294 1437 448 1507 neminem
479 1432 598 1534 fugiet,
634 1439 743 1509 omnes
764 1435 854 1512 vjde-

124 1533 219 1617 bunt,
250 1530 415 1604 Christum
433 1537 456 1633 J
459 1534 544 1603 esum
567 1557 640 1605 cum
663 1530 781 1607 efficaci
800 1531 855 1604 de·

125 1628 345 1710 monstratione
367 1627 428 1700 suae
452 1630 559 1726 gloriae
584 1637 617 1700 &
643 1630 801 1720 majestatis
823 1631 854 1698 in
976 1691 981 1702 ,

15 1789 19 1796 ,
128 1723 266 1796 Ecclesia
293 1725 342 1798 sua
371 1726 548 1823 praesentem
566 1724 674 1798 adesse.
718 1734 857 1824 iniquitat
911 1723 921 1744 “

127 1830 219 1891 omnis
237 1848 266 1891 os
277 1823 375 1914 surim
394 1824 520 1894 claudet.
551 1827 635 1894 noxa'
653 1833 745 1894 omnis
759 1820 854 1894 aberit
907 1882 909 1890 ,

128 1920 149 1987 ir
170 1941 265 1991 monte
274 1920 389 2013 firnilo.
415 1943 480 2016 pax
494 1931 531 2002 ὠ
537 1919 656 2014 justitia
669 1919 778 2020 ubique
790 1947 857 2020 reg-

126 2014 256 2095 nabunt,
290 2025 327 2098 όν
341 2016 461 2111 florebit
475 2026 505 2086 in
519 2017 628 2088 mundo
637 2017 747 2111 justus.
779 2019 856 2090 Hoc

48 2175 53 2182 .
128 2133 249 2209 ternpus
266 2111 313 2184 est
327 2116 417 2208 Epult'
428 2114 584 2210 nuptialis,
614 2116 653 2184 ab
667 2118 764 2211 Agno
778 2115 859 2188 cele·

128 2208 234 2294 brandi
250 2234 322 2281 cum
338 2208 484 2281 Ecclefia.
510 2213 595 2307 plura
609 2235 671 2281 non
685 2211 778 2282 addo.

94 2329 148 2402 13.
179 2308 256 2376 Hoc
278 2304 397 2379 schema
420 2325 598 2404 temporum
622 2309 679 2402 qui
692 2306 857 2380 contulerit

39 2427 117 2486 cum
138 2402 269 2499 Epistolis
291 2411 324 2474 δι
338 2405 447 2502 Sigillis
462 2405 715 2503 Apocalyptieise
745 2412 778 2477 δι
792 2406 858 2475 Tu·

39 2501 154 2574 bicinis
167 2523 315 2593 quoque,
339 2501 410 2572 licet
421 2525 530 2573 eorum
544 2525 607 2572 non
619 2500 859 2600 eademperom·

38 2600 89 2669 nia
113 2597 190 2668 ratio
217 2595 272 2667 site
306 2596 411 2668 sentiet
435 2595 494 2669 fibi
516 2599 591 2670 oriri
605 2599 706 2670 lucem
721 2601 751 2669 in
767 2597 860 2690 hujus

39 2695 131 2767 Libri
145 2688 401 2790 interpretatione.
427 2696 471 2766 Et
487 2696 601 2776 miraris
614 2697 715 2767 tamen
729 2698 860 2779 merito,

13 2857 17 2868 ,
40 2813 95 2862 me
111 2791 141 2860 in
155 2791 280 2862 Periodo
329 2785 413 2860 uiira
426 2789 599 2864 definienda
613 2793 629 2862 l
644 2795 698 2864 cl.
718 2793 861 2885 cocceio

40 2886 211 2960 dissentire.
250 2889 318 2976 Qai
366 2887 468 2958 enimi
508 2889 621 2981 inquis.
651 2892 863 2987 Urgeturne,
955 2885 957 2892 '

40 2984 173 3077 instatur
193 2981 331 3078 ubique,
362 2990 396 3056 &
417 2983 586 3059 ostentatur
600 2991 746 3058 Doflrr'na
759 2992 864 3058 Perir-

40 3081 268 3180 dorrrmseptein
281 3101 317 3158 ut
331 3079 424 3183 flavis
437 3081 668 3186 interpretanda}
678 3085 864 3253 Apocalsyp·

140 3239 143 3252 .
804 3203 865 3268 108,
