2192 3566
321 92 334 116 ‘⁴
434 103 695 199 ottonom:
898 107 974 206 '149'

196 230 242 300 V.
267 222 446 315 Qomodo
467 230 607 294 Primum
625 219 850 296 Christianismi
867 229 974 299 Saecu·

152 322 265 394 lumin
281 321 348 393 duo
364 320 582 418 distinguimus
592 323 708 418 Spatia,
732 346 870 413 quorum
885 331 974 396 Prius

146 420 346 492 terminatum
373 420 403 490 in
429 421 524 489 Anno
543 422 685 518 trigeſsmo
710 427 795 489 tertio
816 422 974 496 Natalium

144 513 271 588 Christi
285 516 451 609 secondum
471 523 600 590 ‹AEram
623 516 802 616 Vulgmm,
835 518 973 615 comple·

144 614 251 684 &etur
272 613 445 686 Historiam
466 633 528 684 tam
549 611 700 684 Ecclefiae
744 610 863 684 udaicae
877 637 974 706 quam

141 706 282 792 Christi,
313 709 375 782 hoc
389 710 456 807 ipso
471 714 585 789 Auno,
614 616 783 781 secuntllrm
797 707 911 782 nostras
928 735 972 782 ta·

145 807 270 888 tiones,
308 808 410 879 evesti
431 805 469 878 ad
495 807 645 879 summam
665 807 695 876 in
715 806 813 877 Coelo
834 806 972 895 majesta-

145 922 238 975 tem:
279 902 424 996 Posterius
458 901 601 976 decurret
634 902 732 996 usque
753 900 791 973 ad
810 908 911 974 Saetuli
929 905 972 1000 fi·

88 1081 95 1094 ,
143 1027 240 1081 mm,
270 1001 288 1070 l
309 1000 398 1093 cujus
417 1001 571 1098 principio
588 998 746 1073 ordiemur
759 999 931 1074 Historiam
944 1004 971 1073 i·
1048 1019 1051 1030 '

143 1095 207 1169 stus
221 1099 346 1189 Eccleſsae
366 1097 550 1190 Christiana,
583 1121 656 1192 quae
671 1097 760 1168 abeo
775 1095 971 1195 potiffimum

144 1214 290 1290 tempore
312 1196 342 1265 in
356 1219 453 1268 unum
467 1191 593 1290 aliquod
610 1195 718 1291 Corpus
732 1201 765 1266 δι
779 1202 969 1277 Societatem,

144 1289 290 1363 distincta
310 1292 327 1361 l
344 1291 494 1363 Coetibus
511 1290 742 1362 incredulorum
786 1289 968 1382 udaeorum,

145 1412 241 1484 opera
260 1387 506 1485 Apostolorum,
539 1385 610 1485 post
635 1385 728 1459 effusa
743 1295 824 1460 cina
839 1392 971 1488 Spiritus

146 1485 271 1565 Sanffi,
296 1486 422 1557 lormari
436 1486 547 1582 coepitt
756 1523 767 1541 ·
947 1507 948 1514 ’

195 1587 265 1653 VI.
301 1581 438 1677 Qando
458 1602 559 1654 antem
578 1579 714 1671 Htfloria
740 1579 845 1671 christi
861 1587 893 1649 &
910 1585 970 1650 Ec·

135 1680 226 1770 tleſsae
249 1680 376 1774 intelligi
396 1703 456 1750 non
472 1678 588 1775 poterit
599 1676 712 1767 absque
726 1675 853 1747 tardiore
866 1674 969 1749 saltem

52 1806 55 1814 ·
144 1776 324 1872 cognitione
336 1775 470 1867 ffisloriae
479 1777 606 1872 prosam
619 1773 742 1844 illorum
759 1777 967 1870 Regnorum,

144 1889 199 1943 aut
220 1873 444 1970 Imperiorum‚
474 1871 512 1943 ad
532 1897 606 1964 quae
627 1869 769 1942 Ecdefia'
785 1871 967 1968 peculiarem

1 2037 2 2051 ,
146 1966 301 2059 quandam
329 1972 433 2060 σχέσιν
453 1967 587 2039 habuit:
619 1966 824 2040 commodum
848 1969 992 2050 luerit,'

145 2063 300 2137 Historiae
316 2065 463 2139 Ecclefiae
478 2065 628 2156 cujusque
646 2064 871 2148 ‘toloneum
889 2091 969 2162 prae·

15 2247 21 2256 .
147 2163 271 2233 mittere
287 2161 970 2257 rv‘nnquendambreviorem‘Historiaepro·

0 2315 3 2340 ,
147 2256 244 2330 sanata
270 2258 359 2351 quod
372 2253 433 2351 jam
441 2260 478 2333 ad
491 2257 828 2358 HistoriamSuperiort't
842 2259 968 2330 Oecono-
1072 2279 1073 2286 ¹

0 2412 4 2441 ,
147 2354 420 2437 miaeinstituimun
