2178 3562
188 157 239 242 'ti
422 148 460 226 lt‘
506 149 545 226 Y
591 155 616 228 Ρ
665 155 708 230 U
752 157 773 228 S

189 271 256 352 nim
280 269 495 365 cujuscunque
517 275 634 372 generis
656 277 822 350 comitatus
846 264 897 348 est
923 275 1081 374 splen-f¹

190 365 253 441 dot
275 370 384 463 aliquis
406 390 460 443 aut
484 374 599 448 claritas
618 375 747 454 Diaiuae
765 372 952 470 presentiae
973 401 1052 446 ma„

190 465 376 560 jestatilque.
414 470 489 562 Vasa
520 479 554 542 δι
586 472 692 551 audita
722 469 857 543 senfibus
883 475 1052 548 externis

191 585 347 662 excepta,
377 565 485 662 paffi'm
500 567 660 640 clariffime
674 567 931 652 demonstrarunt
957 571 1050 638 Θεδι

193 665 328 743 immitti
351 669 479 742 Deum,
501 667 565 759 stoa
588 665 729 755 illustrem
743 669 867 766 gloria,
899 669 1048 762 prasen-

192 781 270 842 tem‚
295 781 331 832 ut
344 786 383 832 ex
399 761 483 835 vifis
497 771 530 833 δι
542 763 652 838 auditis
663 789 736 858 quae
753 761 843 838 Mon
857 766 1041 860 primum,¹

194 855 268 930 dein
298 857 382 956 apud
412 858 547 946 eundem
577 883 717 934 montem
741 861 846 934 Horeb
869 863 1042 933 omnibus

193 955 331 1042 Israelitis
344 954 481 1031 exhibita
493 958 579 1038 sunt,
602 957 691 1038 facile
700 978 802 1056 patet,
827 959 935 1038 Exod.
952 983 1038 1045 1112

200 1077 229 1123 1.
243 1077 300 1126 xx.
320 1077 348 1124 1.
365 1079 396 1126 2.
429 1060 502 1126 Imo
522 1056 539 1126 d
560 1063 686 1132 Somnus
706 1059 813 1133 etiam,
846 1057 877 1126 in
903 1057 1038 1148 quibus

195 1150 286 1224 Deus
297 1169 350 1222 aut
364 1154 504 1246 Angelus
519 1155 612 1224 verba
626 1151 725 1224 facere
736 1153 903 1234 videbatur
917 1152 1035 1225 adho-

178 1245 307 1329 'mines,
323 1247 392 1320 haec
413 1247 496 1347 ligna
508 1252 638 1323 Divinae
652 1252 818 1346 praesentiae
835 1274 898 1322 non
913 1249 1033 1324 abfue-

194 1367 245 1424 τε,
279 1365 315 1418 ut
333 1347 432 1438 liquet
446 1359 490 1418 'ex
506 1346 796 1446 fictioneJab,-1v.
815 1373 867 1443 13.
885 1373 942 1446 14.
967 1371 1026 1440 15,

193 1447 406 1538 Praeterquam
419 1443 511 1536 quod
524 1442 718 1526 hominibus,
744 1445 859 1538 quibus
865 1447 1025 1530 nostuma

193 1541 342 1618 revelatio
355 1543 489 1638 obtigit,
521 1545 578 1614 alte
590 1541 668 1616 adeo
679 1541 860 1640 imprellum
877 1543 935 1622 fit,
963 1551 1026 1615 Rea

95 1683 100 1693 =
194 1642 376 1717 velationem
391 1642 477 1716 illam
491 1645 595 1719 Deum
610 1640 719 1723 habere
725 1643 893 1726 tellurem,
919 1659 1023 1716 utex·

194 1739 354 1833 perredli,
391 1737 547 1830 quicquid
571 1743 676 1809 contra
700 1737 893 1824 niterentur,
933 1735 1020 1815 hunc

194 1834 312 1905 sensum
327 1857 388 1905 non
403 1837 552 1906 valuerint
566 1854 729 1918 excutere3
762 1835 851 1926 cujus
863 1835 906 1916 rei
920 1834 1019 1932 speci·

194 1954 266 2008 men
280 1948 364 2004 extat
377 1931 492 2002 illustre
506 1933 535 2003 in
551 1931 837 2018 Nebucadnezare,
863 1938 947 2006 Dan.
961 1959 1017 2020 11,

199 2053 231 2123 3.
255 2028 307 2098 cui
329 2028 401 2098 licet
416 2039 514 2133 imago
526 2027 581 2126 pe'r
594 2031 733 2123 quietem
748 2031 848 2101 oblatu
862 2028 1014 2126 periisset,

194 2122 370 2198 firmiffime
392 2143 492 2198 tamen
516 2125 591 2198 illud
615 2125 762 2207 inhaelit3
794 2128 905 2199 Visum
926 2123 1016 2200 suilla

193 2223 357 2304 excellens,
392 2224 482 2317 quod
502 2249 566 2311 non
586 2223 705 2295 aliunde
726 2249 821 2318 quam
836 2227 853 2294 l
868 2225 942 2294 De'o
954 2244 1015 2295 tra·

7 2313 9 2338 ¹
70 2375 72 2380 .
194 2321 282 2393 heret
302 2321 473 2420 originem,
504 2330 539 2394 δι
560 2325 662 2420 magni
682 2323 1014 2421 momenti'ateauarct

194 2438 226 2491 te
267 2440 322 2496 ret.

213 2446 318 2591 git
336 2514 396 2587 Sed
419 2535 456 2588 ut
476 2515 699 2615 ut²Prophetae
719 2515 778 2614 ipli
795 2513 923 2614 persuali
938 2506 1010 2590 cont

193 2617 338 2708 vidique
368 2612 462 2685 elsent
493 2614 534 2696 de
564 2617 692 2701 veritate
716 2636 809 2708 atque
833 2615 1006 2686 audontate

77 2767 79 2770 .
193 2715 309 2786 Divina
339 2713 548 2794 revelationis,
590 2712 649 2784 sabi
671 2712 788 2798 fadlaez
829 2729 1002 2783 nontamen
1033 2733 1046 2756 ⁰

193 2831 273 2879 mox
288 2812 319 2882 in
334 2810 409 2880 hanc
422 2810 634 2882 credulitatem
648 2810 840 2882 adducebant
854 2810 932 2890 alios.¹
959 2811 997 2880 Ε·
1056 2843 1060 2853 ·

194 2907 325 3000 quidem
357 2931 403 2982 res
430 2927 493 2978 erat
517 2909 598 2979 anxii
623 2917 655 2980 dt
680 2908 791 2979 soliciti
818 2903 995 2992 discriminin

192 3012 282 3077 Cum
306 3002 387 3074 enim
410 3003 556 3076 falsorum
579 3004 830 3100 Prophetarum,
860 3006 917 3096 qui
933 2997 999 3072 stm-

147 3141 151 3154 ·
192 3101 323 3226 plicitati
342 3105 375 3180 δι
396 3099 522 3190 ruditati
542 3103 654 3202 Populi
674 3102 799 3200 publice
818 3099 1001 3196 illudebant,
1078 3135 1081 3140 ·

179 3223 187 3256 ³
533 3223 537 3229 ’
914 3215 1001 3295 lin-tl
