2178 3562
200 137 274 211 ‘268
395 135 858 210 HYPOTYPOSIS

190 262 324 352 primes,
354 255 393 322 ‘ut
409 249 783 350 appellenturlJustino,
808 246 1027 344 eonspeffiore
1078 313 1079 318 ,

195 349 311 449 gradu,
336 348 429 422 titulo
442 351 669 446 Episcopum,
699 347 854 438 lreliquis
867 345 1026 440 Presbyte·
1079 391 1080 422 ι

194 457 238 520 ee’s
253 445 400 542 distingui
418 445 564 544 coepisc,
590 442 689 540 idque
703 444 756 519 eale
773 443 1024 529 euterpe-edlu,

196 570 254 634 ψ
274 540 444 626 offelialse3
476 542 534 614 etsi
553 541 619 614 alias
633 565 705 614 vere
719 542 797 612 inter
811 544 947 612 Rettms
960 547 1020 612 Ec·
1079 563 1080 592 t

194 644 277 734 elefie
299 642 399 712 minus
420 637 523 712 adhuc
545 638 654 711 datum
678 636 719 710 fit
740 635 903 710 ambitioni
916 663 946 721 3·
962 662 1019 710 nec
1080 689 1081 698 κ

195 736 338 828 favebant
357 740 385 807 ei
397 738 478 809 vitio
491 755 643 834 tempora.

247 839 461 926 XXXVII.
493 831 657 935 Presbyteri
671 839 777 925 Lesas,
808 830 963 911 fudisti,
997 831 1015 904 l

198 935 320 1005 Clericis
333 930 491 1011 distinffl,
519 928 698 1022 'cujusmodi
708 927 891 1030 Presbyteres
904 929 1018 1001 Eccle-

195 1027 269 1108 (ιε,
300 1027 468 1100 secundum
491 1027 702 1118 Genevmsem
715 1024 907 1124 disciplinam
919 1023 1019 1097 edon*-

196 1144 306 1202 anatae‚
334 1127 365 1194 io
381 1132 532 1225 Regime'ne
543 1123 727 1223 agnoscunt,
752 1148 833 1222 aegre
847 1123 877 1194 se
891 1141 1020 1194 tuentur

15 1262 20 1272 ·
114 1296 117 1301 ,
193 1219 382 1316 ·Aposlolica
402 1223 600 1302 auctoritate,
616 1240 681 1293 aut
703 1222 846 1317 exemplo
866 1218 1017 1292 Ecclesiae

195 1320 329 1390 Veteris.
352 1324 426 1395 Nec
439 1338 538 1390 tamen
553 1337 711 1416 propterea
725 1316 1020 1414 improbandumest
1082 1343 1083 1352 ¹

196 1413 390 1495 institutum,
421 1414 511 1509 quod
531 1417 715 1512 experientia
737 1415 848 1487 docuit
868 1412 1021 1486 Ecclesiae

198 1530 262 1585 tant
275 1511 335 1584 esse
350 1514 441 1594 utile,
470 1534 565 1608 quarn
577 1531 684 1611 aptum
697 1511 736 1584 ad
750 1510 937 1584 moderanda
951 1515 1017 1590 Cle,-

196 1620 330 1683 re'cerum
351 1609 590 1709 Presbyterereem
610 1607 752 1690 consilia,
783 1617 816 1680 &
838 1606 1019 1680 conservan-

198 1708 272 1780 darn
289 1710 400 1806 Populi
414 1706 582 1780 Christiani
592 1707 780 1779 Libertatem
789 1733 800 1788 ς
832 1707 981 1777 nimirum
997 1703 1020 1776 li

198 1805 257 1900 ipsi
278 1829 409 1898 quoque
430 1803 463 1874 hi
484 1803 648 1904 Presbyteri
667 1803 728 1875 sint
742 1805 801 1874 viri
817 1803 911 1888 boni,
945 1827 1020 1898 pru·

199 1901 320 1981 dentes,
350 1901 549 1996 spiritualium
572 1925 674 1972 rerum
693 1901 795 1998 gnari,
830 1908 862 1970 &
876 1902 947 1971 zelo
961 1897 1020 1969 do·

201 2019 272 2065 mus
284 1997 347 2067 Dei
362 1993 486 2080 affesti3
520 1997 582 2068 hoc
598 1998 688 2068 elesti
702 1997 806 2069 studio
822 2003 857 2081 8<
870 1994 1019 2076 consilio,

141 2175 145 2185 x
201 2114 264 2163 non
282 2113 317 2164 ut
330 2094 457 2165 aliorum
475 2095 603 2166 serviant
617 2095 784 2173 voluntati,
815 2113 866 2165 aut
880 2093 1020 2188 indulge·

201 2207 253 2263 aot
271 2189 371 2271 vitiis,
404 2198 438 2264 δι
461 2193 643 2263 conniveant
666 2193 697 2262 in
718 2189 857 2263 scandalis
870 2191 1018 2288 publicis,
1073 2268 1075 2272 ¹

200 2285 252 2361 sed
265 2308 303 2360 ut
316 2287 491 2362 commodis
502 2315 537 2361 ac
551 2287 692 2388 dignitati
706 2284 856 2359 Ecclesrae
867 2311 928 2386 pro
940 2310 1014 2359 con·

200 2387 322 2457 scientia
336 2393 368 2456 δι
385 2381 496 2458 officio
507 2386 564 2458 suo
577 2387 672 2457 libere
686 2385 850 2458 consulant.

250 2485 487 2555 XXXVIII.
519 2485 615 2568 Elesle‘
634 2483 702 2555 sunt
724 2480 889 2584 Presbyteri
907 2481 939 2553 in
955 2484 1018 2552 Ec·

200 2579 289 2652 clesia
306 2579 505 2677 Apostolicau
531 2579 596 2651 sive
608 2579 647 2651 ab
655 2578 820 2678 Apostoll,
844 2579 932 2677 plebe
941 2601 1020 2676 prae·

194 2678 304 2756 sente,
337 2677 402 2749 five
421 2677 459 2748 ab
479 2677 540 2776 ipsa
559 2675 645 2749 Plebe
660 2671 859 2757 credentium,
890 2674 944 2756 sed
955 2701 1019 2746 cen·

190 2773 314 2866 firmate·
335 2774 374 2843 in
391 2775 495 2870 Officio
519 2773 585 2846 sive
609 2775 752 2848 ordinm
779 2773 941 2846 solenniter
955 2772 1023 2844 sunt

197 2889 253 2965 per
282 2874 486 2966 seposueram
508 2897 679 2953 mertuum,
717 2870 783 2944 srva
811 2869 942 2968 Apesele'
969 2887 1020 2940 aut
1045 2902 1048 2906 ·

196 2963 356 3062 Apostoliee'
369 2975 452 3047 Veri,
487 2966 553 3039 five
564 2969 686 3041 alterius
698 2971 844 3065 Episcopi,
869 2969 927 3040 rite
942 2967 1022 3038 ordi·

44 3143 46 3146 ,
88 3125 91 3132 ,
193 3071 277 3172 pepe
299 3060 457 3158 fhstemm'
478 3081 599 3147 auem,
631 3063 829 3166 sasiagitaret
850 3063 1020 3143 necessitas»
1084 3063 1085 3076 '

983 3182 1022 3234 ex

54 3290 120 3312 A
